<?xml version="1.0" encoding="UTF-8"?><record xmlns="http://www.loc.gov/MARC21/slim" xmlns:cinclude="http://apache.org/cocoon/include/1.0" xmlns:zs="http://www.loc.gov/zing/srw/">
  <leader>00465nz  a2200133n  4500</leader>
  <controlfield tag="001">n 2015065151</controlfield>
  <controlfield tag="003">DLC</controlfield>
  <controlfield tag="005">20151104172751.0</controlfield>
  <controlfield tag="008">151104n| azannaabn          |a aaa      </controlfield>
  <datafield tag="010" ind1=" " ind2=" ">
    <subfield code="a">n 2015065151</subfield>
  </datafield>
  <datafield tag="040" ind1=" " ind2=" ">
    <subfield code="a">DLC</subfield>
    <subfield code="b">eng</subfield>
    <subfield code="e">rda</subfield>
    <subfield code="c">DLC</subfield>
  </datafield>
  <datafield tag="100" ind1="1" ind2=" ">
    <subfield code="a">Lajovic, Anton,</subfield>
    <subfield code="d">1878-1960.</subfield>
    <subfield code="t">Songs,</subfield>
    <subfield code="n">men's voices, mixed voices, women's voices.</subfield>
    <subfield code="p">Lan</subfield>
  </datafield>
  <datafield tag="400" ind1="1" ind2=" ">
    <subfield code="a">Lajovic, Anton,</subfield>
    <subfield code="d">1878-1960.</subfield>
    <subfield code="t">Lan</subfield>
  </datafield>
  <datafield tag="670" ind1=" " ind2=" ">
    <subfield code="a">Kormorni zbor RTV Ljubljana [SR] 1985?:</subfield>
    <subfield code="b">label (Lan) container (Dragutin DomjanicĚ)</subfield>
  </datafield>
</record>